<?xml version="1.0" encoding="UTF-8"?><collection xmlns="http://www.loc.gov/MARC21/slim"><record><leader>00497nam--2200181-i-4500</leader><controlfield tag="001">000014781</controlfield><controlfield tag="002">20161230</controlfield><controlfield tag="005">20161230201031</controlfield><controlfield tag="008">060222s1000------------r-----000-0-rum-d</controlfield><datafield ind1=" " ind2=" " tag="040"><subfield code="a">IFIN-HH</subfield></datafield><datafield ind1=" " ind2=" " tag="041"><subfield code="a">rum</subfield></datafield><datafield ind1=" " ind2=" " tag="080"><subfield code="a">539.172.3:538.9</subfield></datafield><datafield ind1="1" ind2=" " tag="100"><subfield code="a">Barb, Danila</subfield></datafield><datafield ind1="1" ind2="0" tag="245"><subfield code="a">Efectul mossbauer si aplicatiile sale</subfield><subfield code="b">Prefata de prof. ioan ursu</subfield><subfield code="c">Danila barb</subfield></datafield><datafield ind1=" " ind2=" " tag="260"><subfield code="a">Bucuresti</subfield><subfield code="b">Editura Academiei Rsr</subfield><subfield code="c">1972</subfield></datafield><datafield ind1=" " ind2=" " tag="300"><subfield code="a">402 P</subfield></datafield><datafield ind1=" " ind2=" " tag="852"><subfield code="a">37311</subfield><subfield code="c">539.163.2</subfield></datafield><datafield ind1=" " ind2=" " tag="CAT"><subfield code="a">Sys</subfield><subfield code="c">20120524</subfield><subfield code="h">122951</subfield></datafield></record></collection>